<record><leader>00000cas a22000007a 4500</leader><controlfield tag="001">13029770</controlfield><controlfield tag="008">860116d19731975wiucr ne      0    0eng d</controlfield><datafield ind1=" " ind2=" " tag="010"><subfield code="a">sn 86086034 </subfield></datafield><datafield ind1=" " ind2=" " tag="040"><subfield code="a">NPV</subfield><subfield code="b">eng</subfield><subfield code="c">NPV</subfield><subfield code="d">OCLCQ</subfield></datafield><datafield ind1=" " ind2=" " tag="042"><subfield code="a">msc</subfield></datafield><datafield ind1=" " ind2=" " tag="045"><subfield code="a">x7x7</subfield></datafield><datafield ind1=" " ind2=" " tag="052"><subfield code="a">4123</subfield><subfield code="b">O9</subfield></datafield><datafield ind1="0" ind2="4" tag="245"><subfield code="a">The Port pilot.</subfield></datafield><datafield ind1="1" ind2="7" tag="246"><subfield code="a">Port Washington pilot</subfield></datafield><datafield ind1="1" ind2="3" tag="246"><subfield code="a">Monday Port pilot</subfield></datafield><datafield ind1=" " ind2=" " tag="260"><subfield code="a">Port Washington, Wis. :</subfield><subfield code="b">R.A. Schroeder,</subfield><subfield code="c">1973-1975.</subfield></datafield><datafield ind1=" " ind2=" " tag="300"><subfield code="a">2 v. :</subfield><subfield code="b">ill.</subfield></datafield><datafield ind1=" " ind2=" " tag="310"><subfield code="a">Semiweekly</subfield></datafield><datafield ind1=" " ind2=" " tag="321"><subfield code="a">Weekly,</subfield><subfield code="b">Dec. 26, 1973-Apr. 23, 1975</subfield></datafield><datafield ind1="0" ind2=" " tag="362"><subfield code="a">Vol. 76, no. 19 (Dec. 26, 1973)-v. 77, no. 53 (June 23, 1975).</subfield></datafield><datafield ind1=" " ind2=" " tag="500"><subfield code="a">Monday issue of semiweekly: Monday Port pilot, June 12-June 23, 1975.</subfield></datafield><datafield ind1=" " ind2=" " tag="500"><subfield code="a">"Official newspaper: City of Port Washington, Village &amp; Town of Saukville, Village &amp; Town of Belgium, Unified School, Village &amp; Town of Fredonia."</subfield></datafield><datafield ind1=" " ind2=" " tag="500"><subfield code="a">Editor: L.C. Hill.</subfield></datafield><datafield ind1=" " ind2=" " tag="530"><subfield code="a">Available on microfilm from The State Historical Society of Wisconsin.</subfield></datafield><datafield ind1=" " ind2=" " tag="752"><subfield code="a">United States</subfield><subfield code="b">Wisconsin</subfield><subfield code="c">Ozaukee</subfield><subfield code="d">Port Washington.</subfield></datafield><datafield ind1=" " ind2=" " tag="752"><subfield code="a">United States</subfield><subfield code="b">Wisconsin</subfield><subfield code="c">Ozaukee</subfield><subfield code="d">Saukville.</subfield></datafield><datafield ind1=" " ind2=" " tag="752"><subfield code="a">United States</subfield><subfield code="b">Wisconsin</subfield><subfield code="c">Ozaukee</subfield><subfield code="d">Belgium.</subfield></datafield><datafield ind1=" " ind2=" " tag="752"><subfield code="a">United States</subfield><subfield code="b">Wisconsin</subfield><subfield code="c">Ozaukee</subfield><subfield code="d">Fredonia.</subfield></datafield><datafield ind1="0" ind2="0" tag="780"><subfield code="t">Port Washington pilot (Port Washington, Wis. : 1958)</subfield><subfield code="w">(DLC)sn 86086033</subfield></datafield><datafield ind1="0" ind2="0" tag="785"><subfield code="t">Port Washington pilot (Port Washington, Wis. : 1975)</subfield><subfield code="w">(DLC)sn 86086035</subfield></datafield><datafield ind1="1" ind2=" " tag="029"><subfield code="a">AU@</subfield><subfield code="b">000025822545</subfield></datafield></record>